@Article{KelleyKeyes1996,
  author  = {Kelley, Carl and Keyes, David},
  journal = {SIAM Journal on Numerical Analysis},
  title   = {Convergence Analysis of Pseudo-Transient Continuation},
  year    = {1996},
  month   = aug,
  volume  = {35},
  comment = {Introduction au pseudo-temps},
  doi     = {10.1137/S0036142996304796},
  file    = {:Convergence Analysis of Pseudo Transient Continuation - KelleyKeyes.pdf:PDF},
}
